%%%%%%%%%%%%%%%%%%%%%%%%%%%%%%%%%%%%%%%%%%%%%%%%%%%%%%%%%%%%%%%%%%%%%%%%%%%%%%%%%%%%%%%%%%%
%%%%%%%%%%%%%%%%%%%%%%%%%%%%%%%%%%%%% Books %%%%%%%%%%%%%%%%%%%%%%%%%%%%%%%%%%%%%%%%%%%%%%%

@book{ferber2001,
  title={Multiagentensysteme: eine Einf{\"u}hrung in die verteilte k{\"u}nstliche Intelligenz},
  author={Ferber, J.},
  isbn={9783827316790},
  url={https://books.google.de/books?id=EA7vAAAACAAJ},
  year={2001},
  publisher={Addison-Wesley}
}